<?xml version="1.0" encoding="UTF-8"?><record xmlns="http://www.loc.gov/MARC21/slim" xmlns:cinclude="http://apache.org/cocoon/include/1.0" xmlns:zs="http://www.loc.gov/zing/srw/">
  <leader>00737cz  a2200157n  4500</leader>
  <controlfield tag="001">no2011196274</controlfield>
  <controlfield tag="003">DLC</controlfield>
  <controlfield tag="005">20130328081320.0</controlfield>
  <controlfield tag="008">111221n| azannaabn          |a aaa     c</controlfield>
  <datafield tag="010" ind1=" " ind2=" ">
    <subfield code="a">no2011196274</subfield>
  </datafield>
  <datafield tag="035" ind1=" " ind2=" ">
    <subfield code="a">(OCoLC)oca09070090</subfield>
  </datafield>
  <datafield tag="040" ind1=" " ind2=" ">
    <subfield code="a">Nc</subfield>
    <subfield code="b">eng</subfield>
    <subfield code="e">rda</subfield>
    <subfield code="c">Nc</subfield>
    <subfield code="d">DLC</subfield>
  </datafield>
  <datafield tag="046" ind1=" " ind2=" ">
    <subfield code="f">1755~</subfield>
    <subfield code="g">[1806,1807]</subfield>
    <subfield code="2">edtf</subfield>
  </datafield>
  <datafield tag="100" ind1="1" ind2=" ">
    <subfield code="a">Wright, Isaac,</subfield>
    <subfield code="d">approximately 1755-1806 or 1807</subfield>
  </datafield>
  <datafield tag="400" ind1="1" ind2=" ">
    <subfield code="w">nnea</subfield>
    <subfield code="a">Wright, Isaac,</subfield>
    <subfield code="d">ca. 1755-1806 or 7</subfield>
  </datafield>
  <datafield tag="670" ind1=" " ind2=" ">
    <subfield code="a">Isaac Wright and his descendants from Stephen Wright of southeastern North Carolina, c2009:</subfield>
    <subfield code="b">t.p. (Isaac Wright) p. 13 (He died before the January term in 1807 in Bladen County.  We know before he died a deed is recorded ... in Bladen County ... and is dated 22 December 1806 ...  his birth [is] about 1755)</subfield>
  </datafield>
</record>